@article{erin2020magnetic,
  title={Magnetic resonance imaging system--driven medical robotics},
  author={Erin, Onder and Boyvat, Mustafa and Tiryaki, Mehmet Efe and Phelan, Martin and Sitti, Metin},
  journal={Advanced Intelligent Systems},
  volume={2},
  number={2},
  pages={1900110},
  year={2020},
  publisher={Wiley Online Library}
}

@article{strydom2020anatomical,
  title={Anatomical joint measurement with application to medical robotics},
  author={Strydom, Mario and Banach, Artur and Wu, Liao and Jaiprakash, Anjali and Crawford, Ross and Roberts, Jonathan},
  journal={IEEE Access},
  volume={8},
  pages={118510--118524},
  year={2020},
  publisher={IEEE}
}

@article{von2021medical,
  title={Medical robotics for ultrasound imaging: current systems and future trends},
  author={von Haxthausen, Felix and B{\"o}ttger, Sven and Wulff, Daniel and Hagenah, Jannis and Garc{\'\i}a-V{\'a}zquez, Ver{\'o}nica and Ipsen, Svenja},
  journal={Current Robotics Reports},
  pages={1--17},
  year={2021},
  publisher={Springer}
}
@article{li2020human,
  title={Human motion analysis in medical robotics via high-dimensional inverse reinforcement learning},
  author={Li, Kun and Burdick, Joel W},
  journal={The International Journal of Robotics Research},
  volume={39},
  number={5},
  pages={568--585},
  year={2020},
  publisher={Sage Publications Sage UK: London, England}
}

@article{fotouhi2020reflective,
  title={Reflective-ar display: An interaction methodology for virtual-to-real alignment in medical robotics},
  author={Fotouhi, Javad and Song, Tianyu and Mehrfard, Arian and Taylor, Giacomo and Wang, Qiaochu and Xian, Fengfan and Martin-Gomez, Alejandro and Fuerst, Bernhard and Armand, Mehran and Unberath, Mathias and others},
  journal={IEEE Robotics and Automation Letters},
  volume={5},
  number={2},
  pages={2722--2729},
  year={2020},
  publisher={IEEE}
}

@incollection{ozmen2021artificial,
  title={Artificial Intelligence for Next-Generation Medical Robotics},
  author={Ozmen, M Mahir and Ozmen, Asutay and Ko{\c{c}}, {\c{C}}etin Kaya},
  booktitle={Digital Surgery},
  pages={25--36},
  year={2021},
  publisher={Springer}
}

@inproceedings{zheng2021safety,
  title={A Safety Joint with Passive Compliant and Manual Override Mechanisms for Medical Robotics},
  author={Zheng, Jia and Wang, Shuangyi and Housden, James and Hou, Zeng-Guang and Singh, Davinder and Rhode, Kawal},
  booktitle={2021 IEEE International Conference on Intelligence and Safety for Robotics (ISR)},
  pages={1--4},
  year={2021},
  organization={IEEE}
}

@article{starszak2021new,
  title={New technologies in health care—medical robotics and innovations during the COVID-19 pandemic, considering Polish achievements},
  author={Starszak, Krzysztof and Smoczok, Micha{\l} and Starszak, Weronika},
  journal={Chirurgia Polska},
  year={2021}
}

@article{makhataeva2020augmented,
  title={Augmented reality for robotics: a review},
  author={Makhataeva, Zhanat and Varol, Huseyin Atakan},
  journal={Robotics},
  volume={9},
  number={2},
  pages={21},
  year={2020},
  publisher={Multidisciplinary Digital Publishing Institute}
}

@inproceedings{scimeca2020human,
  title={Human-Robot Medical Interaction},
  author={Scimeca, Luca and Iida, Fumiya and Maiolino, Perla and Nanayakkara, Thrishantha},
  booktitle={Companion of the 2020 ACM/IEEE International Conference on Human-Robot Interaction},
  pages={660--661},
  year={2020}
}

@article{dcrustinternet,
  title={Internet of Medical Things},
  author={DCRUST, Murthal and Saini, Jasbir Singh and Kumar, Sanjeev},
  journal={Patron in Chief},
  pages={145}
}

@article{goel2020role,
  title={Role of Robotics in Health Care of the Future},
  author={Goel, Rahul},
  journal={Journal of Medical Academics},
  volume={3},
  number={1},
  pages={28},
  year={2020}
}

@article{dixit2021robotics,
  title={Robotics, AI and IoT in Medical and Healthcare Applications},
  author={Dixit, Pooja and Payal, Manju and Goyal, Nidhi and Dutt, Vishal},
  journal={AI and IoT-Based Intelligent Automation in Robotics},
  pages={53--73},
  year={2021},
  publisher={Wiley Online Library}
}

@article{niu2020development,
  title={Development of a new medical robot system for minimally invasive surgery},
  author={Niu, Guojun and Pan, Bo and Fu, Yili and Qu, Cuicui},
  journal={IEEE Access},
  volume={8},
  pages={144136--144155},
  year={2020},
  publisher={IEEE}
}

@inproceedings{begishev2021technological,
  title={Technological, Ethical, Environmental and Legal Aspects of Robotics},
  author={Begishev, Ildar and Khisamova, Zarina and Vasyukov, Vitaly},
  booktitle={E3S Web of Conferences},
  volume={244},
  pages={12028},
  year={2021},
  organization={EDP Sciences}
}

@incollection{boiadjiev2021orthopedic,
  title={Orthopedic Bone Drilling Robot ODRO: Basic Characteristics and Areas of Applications},
  author={Boiadjiev, Tony and Boiadjiev, George and Delchev, Kamen and Chavdarov, Ivan and Kastelov, Roumen},
  booktitle={Medical Robotics},
  year={2021},
  publisher={IntechOpen}
}

@article{ginoya2021historical,
  title={A historical review of medical robotic platforms},
  author={Ginoya, Tirth and Maddahi, Yaser and Zareinia, Kourosh},
  journal={Journal of Robotics},
  volume={2021},
  year={2021},
  publisher={Hindawi}
}

@inproceedings{gruionu2020robotic,
  title={Robotic System for Catheter Navigation during Medical Procedures},
  author={Gruionu, Lucian Gheorghe and Constantinescu, Catalin and Iacob, Andreea and Gruionu, Gabriel},
  booktitle={Applied Mechanics and Materials},
  volume={896},
  pages={211--217},
  year={2020},
  organization={Trans Tech Publ}
}

@article{tian2020low,
  title={Low Delay Control Algorithm of Robot Arm for Minimally Invasive Medical Surgery},
  author={Tian, Xiumei and Xu, Yan},
  journal={IEEE Access},
  volume={8},
  pages={93548--93560},
  year={2020},
  publisher={IEEE}
}

@article{kennedy2020computer,
  title={Computer Vision in the Operating Room: Opportunities and Caveats},
  author={Kennedy-Metz, Lauren R and Mascagni, Pietro and Torralba, Antonio and Dias, Roger D and Perona, Pietro and Shah, Julie A and Padoy, Nicolas and Zenati, Marco A},
  journal={IEEE transactions on medical robotics and bionics},
  volume={3},
  number={1},
  pages={2--10},
  year={2020},
  publisher={IEEE}
}

@article{maibaum2021critique,
  title={A critique of robotics in health care},
  author={Maibaum, Arne and Bischof, Andreas and Hergesell, Jannis and Lipp, Benjamin},
  journal={AI \& SOCIETY},
  pages={1--11},
  year={2021},
  publisher={Springer}
}

@article{kyrarini2021survey,
  title={A survey of robots in healthcare},
  author={Kyrarini, Maria and Lygerakis, Fotios and Rajavenkatanarayanan, Akilesh and Sevastopoulos, Christos and Nambiappan, Harish Ram and Chaitanya, Kodur Krishna and Babu, Ashwin Ramesh and Mathew, Joanne and Makedon, Fillia},
  journal={Technologies},
  volume={9},
  number={1},
  pages={8},
  year={2021},
  publisher={Multidisciplinary Digital Publishing Institute}
}

@article{tsigie2021role,
  title={The Role of Robotics Technology and Internet of Things for Industry 4.0 Realization},
  author={Tsigie, Sisay Ebabye and Dagnaw, Gizealew Alazie},
  journal={International Journal},
  volume={10},
  number={2},
  year={2021}
}

@article{daghottra2021humans,
  title={From Humans to Robots: Machine Learning for Healthcare},
  author={Daghottra, Ankita and Jain, Divya},
  year={2021}
}

@article{porkodi2021healthcare,
  title={Healthcare Robots Enabled with IoT and Artificial Intelligence for Elderly Patients},
  author={Porkodi, S and Kesavaraja, D},
  journal={AI and IoT-Based Intelligent Automation in Robotics},
  pages={87--108},
  year={2021},
  publisher={Wiley Online Library}
}

@article{luo2021microconformal,
  title={Microconformal electrode-dielectric integration for flexible ultrasensitive robotic tactile sensing},
  author={Luo, Shi and Zhou, Xi and Tang, Xinyue and Li, Jialu and Wei, Dacheng and Tai, Guojun and Chen, Zongyong and Liao, Tingmao and Fu, Jianting and Wei, Dapeng and others},
  journal={Nano Energy},
  volume={80},
  pages={105580},
  year={2021},
  publisher={Elsevier}
}

@inproceedings{lestingi2020formal,
  title={Formal verification of human-robot interaction in healthcare scenarios},
  author={Lestingi, Livia and Askarpour, Mehrnoosh and Bersani, Marcello M and Rossi, Matteo},
  booktitle={International Conference on Software Engineering and Formal Methods},
  pages={303--324},
  year={2020},
  organization={Springer}
}

@article{cifuentes2020social,
  title={Social robots in therapy and care},
  author={Cifuentes, Carlos A and Pinto, Maria J and C{\'e}spedes, Nathalia and M{\'u}nera, Marcela},
  journal={Current Robotics Reports},
  pages={1--16},
  year={2020},
  publisher={Springer}
}

@article{james2020empathetic,
  title={Empathetic Speech Synthesis and Testing for Healthcare Robots},
  author={James, Jesin and Balamurali, BT and Watson, Catherine I and MacDonald, Bruce},
  journal={International Journal of Social Robotics},
  pages={1--19},
  year={2020},
  publisher={Springer}
}

@article{attanasio2021autonomy,
  title={Autonomy in surgical robotics},
  author={Attanasio, Aleks and Scaglioni, Bruno and De Momi, Elena and Fiorini, Paolo and Valdastri, Pietro},
  journal={Annual Review of Control, Robotics, and Autonomous Systems},
  volume={4},
  pages={651--679},
  year={2021},
  publisher={Annual Reviews}
}

@incollection{narejo2020robotics,
  title={Robotics and Machine Learning},
  author={Narejo, Ghous Bakhsh},
  booktitle={Privacy Vulnerabilities and Data Security Challenges in the IoT},
  pages={183--198},
  year={2020},
  publisher={CRC Press}
}

@article{rahangdale2020meher,
  title={Meher (Medical Help Robo)},
  author={Rahangdale, Swapnil and Maind, Dezi and Amle, Sakshi and Yadav, Komal and Dhore, Pradip and Gajbhiye, Pooja and Rasekar, Vaibhav},
  journal={Annals of the Romanian Society for Cell Biology},
  pages={298--307},
  year={2020}
}

@article{ruby2020integrating,
  title={Integrating medical robots for brain surgical applications},
  author={Ruby, J and Daenke, Susan and Li, Xianpei and Tisa, J and Harry, William and Nedumaan, J and Pan, Mingmin and Lepika, J and Binford, Thomas and Kumar, PS Jagadeesh},
  journal={J Med Surg},
  volume={5},
  number={1},
  pages={1--14},
  year={2020}
}

@article{petersen2020novel,
  title={A Novel sEMG Triggered FES-Hybrid Robotic Lower Limb Rehabilitation System for Stroke Patients},
  author={Petersen, Inga Lypunova and Nowakowska, Weronika and Ulrich, Christian and Struijk, Lotte NS Andreasen},
  journal={IEEE Transactions on Medical Robotics and Bionics},
  volume={2},
  number={4},
  pages={631--638},
  year={2020},
  publisher={IEEE}
}

@incollection{atallah2021cloud,
  title={Cloud Computing for Robotics and Surgery},
  author={Atallah, Asa B and Atallah, Sam},
  booktitle={Digital Surgery},
  pages={37--58},
  year={2021},
  publisher={Springer}
}

@article{mathis2020robots,
  title={Robots in the operating room-(co) operation during surgery},
  author={Mathis-Ullrich, F and Scheikl, PM},
  journal={Der Gastroenterologe: Zeitschrift fur Gastroenterologie und Hepatologie},
  pages={1--8},
  year={2020}
}

@article{dey2020continuous,
  title={Continuous Prediction of Joint Angular Positions and Moments: A Potential Control Strategy for Active Knee-Ankle Prostheses},
  author={Dey, Sharmita and Yoshida, Takashi and Foerster, Robert H and Ernst, Michael and Schmalz, Thomas and Schilling, Arndt F},
  journal={IEEE Transactions on Medical Robotics and Bionics},
  volume={2},
  number={3},
  pages={347--355},
  year={2020},
  publisher={IEEE}
}

@article{leporini2020technical,
  title={Technical and functional validation of a teleoperated multirobots platform for minimally invasive surgery},
  author={Leporini, Alice and Oleari, Elettra and Landolfo, Carmela and Sanna, Alberto and Larcher, Alessandro and Gandaglia, Giorgio and Fossati, Nicola and Muttin, Fabio and Capitanio, Umberto and Montorsi, Francesco and others},
  journal={IEEE Transactions on Medical Robotics and Bionics},
  volume={2},
  number={2},
  pages={148--156},
  year={2020},
  publisher={IEEE}
}

@article{perez2020characterization,
  title={Characterization, simulation and control of a soft helical pneumatic implantable robot for tissue regeneration},
  author={Perez-Guagnelli, Eduardo and Jones, Joanna and Tokel, Ahmet H and Herzig, Nicolas and Jones, Bryn and Miyashita, Shuhei and Damian, Dana D},
  journal={IEEE Transactions on Medical Robotics and Bionics},
  volume={2},
  number={1},
  pages={94--103},
  year={2020},
  publisher={IEEE}
}

@article{trefryimplications,
  title={The Implications of Robots in Health Care},
  author={Trefry, Elizabeth and Gifford, Tennille}
}

@incollection{bayro2020geometric,
  title={Geometric Computing for Minimal Invasive Surgery},
  author={Bayro-Corrochano, Eduardo},
  booktitle={Geometric Algebra Applications Vol. II},
  pages={565--583},
  year={2020},
  publisher={Springer}
}

@article{sharon2021rate,
  title={Rate of Orientation Change as a New Metric for Robot-Assisted and Open Surgical Skill Evaluation},
  author={Sharon, Yarden and Jarc, Anthony M and Lendvay, Thomas S and Nisky, Ilana},
  journal={IEEE Transactions on Medical Robotics and Bionics},
  volume={3},
  number={2},
  pages={414--425},
  year={2021},
  publisher={IEEE}
}

@article{boehler2020realiti,
  title={REALITI: A robotic endoscope automated via laryngeal imaging for tracheal intubation},
  author={Boehler, Quentin and Gage, David S and Hofmann, Phyllis and Gehring, Alexandra and Chautems, Christophe and Spahn, Donat R and Biro, Peter and Nelson, Bradley J},
  journal={IEEE Transactions on Medical Robotics and Bionics},
  volume={2},
  number={2},
  pages={157--164},
  year={2020},
  publisher={IEEE}
}

@article{langlois2020investigating,
  title={Investigating the Effects of Strapping Pressure on Human-Robot Interface Dynamics Using a Soft Robotic Cuff},
  author={Langlois, Kevin and Rodriguez-Cianca, David and Serrien, Ben and De Winter, Joris and Verstraten, Tom and Rodriguez-Guerrero, Carlos and Vanderborght, Bram and Lefeber, Dirk},
  journal={IEEE Transactions on Medical Robotics and Bionics},
  volume={3},
  number={1},
  pages={146--155},
  year={2020},
  publisher={IEEE}
}

@article{wang2021accuracy,
  title={Accuracy and deviation analysis of robot-assisted spinal implants: A retrospective overview of 105 cases and preliminary comparison to open freehand surgery in lumbar spondylolisthesis},
  author={Wang, Chao and Zhang, Hao and Zhang, Lu and Kong, Meng and Zhu, Kai and Zhou, Chuan-li and Ma, Xue-xiao},
  journal={The International Journal of Medical Robotics and Computer Assisted Surgery},
  pages={e2273},
  year={2021},
  publisher={Wiley Online Library}
}

@article{kastritsi2021controller,
  title={A Controller to Impose a RCM for Hands-on Robotic-Assisted Minimally Invasive Surgery},
  author={Kastritsi, Theodora and Doulgeri, Zoe},
  journal={IEEE Transactions on Medical Robotics and Bionics},
  volume={3},
  number={2},
  pages={392--401},
  year={2021},
  publisher={IEEE}
}

@article{pradhan2021internet,
  title={Internet of Things and Robotics in Transforming Current-Day Healthcare Services},
  author={Pradhan, Bikash and Bharti, Deepti and Chakravarty, Sumit and Ray, Sirsendu S and Voinova, Vera V and Bonartsev, Anton P and Pal, Kunal},
  journal={Journal of Healthcare Engineering},
  volume={2021},
  year={2021},
  publisher={Hindawi}
}

@inproceedings{xu2020energy,
  title={Energy Management for Medical Rescue Robot},
  author={Xu, Yongkang and Zhao, Hongqiang and Zhou, Xuanyi and Ovur, Salih Ertug and Xia, Ting and others},
  booktitle={2020 5th International Conference on Advanced Robotics and Mechatronics (ICARM)},
  pages={44--49},
  year={2020},
  organization={IEEE}
}

@article{su2021autonomous,
  title={Autonomous Robot for Removing Superficial Traumatic Blood},
  author={Su, Baiquan and Yu, Shi and Li, Xintong and Gong, Yi and Li, Han and Ren, Zifeng and Xia, Yijing and Wang, He and Zhang, Yucheng and Yao, Wei and others},
  journal={IEEE Journal of Translational Engineering in Health and Medicine},
  volume={9},
  pages={1--9},
  year={2021},
  publisher={IEEE}
}

@article{avila2020artificial,
  title={Artificial intelligence and its applications in medicine I: introductory background to AI and robotics},
  author={Avila-Tom{\'a}s, JF and Mayer-Pujadas, MA and Quesada-Varela, VJ},
  journal={Atencion Primaria},
  volume={52},
  number={10},
  pages={778--784},
  year={2020}
}

@article{maglio2021high,
  title={High fidelity physical organ simulators: from artificial to bio hybrid solutions},
  author={Maglio, S and Park, C and Tognarelli, S and Menciassi, A and Roche, ET},
  journal={IEEE Transactions on Medical Robotics and Bionics},
  year={2021},
  publisher={IEEE}
}

@article{xia2021skywalker,
  title={“Skywalker” surgical robot for total knee arthroplasty: An experimental sawbone study},
  author={Xia, Runzhi and Tong, Zhicheng and Hu, Yi and Kong, Keyu and Wu, Xiulin and Li, Huiwu},
  journal={The International Journal of Medical Robotics and Computer Assisted Surgery},
  pages={e2292},
  year={2021},
  publisher={Wiley Online Library}
}

@article{lan2021next,
  title={Next-generation prosthetic hand: from biomimetic to biorealistic},
  author={Lan, Ning and Hao, Manzhao and Niu, Chuanxin M and Cui, He and Wang, Yu and Zhang, Ting and Fang, Peng and Chou, Chih-hong},
  journal={Research},
  volume={2021},
  year={2021},
  publisher={Science Partner Journal}
}

@article{kunz2021autonomous,
  title={Autonomous Planning and Intraoperative Augmented Reality Navigation for Neurosurgery},
  author={Kunz, Christian and Hlav{\'a}{\v{c}}, Michal and Schneider, Max and Pala, Andrej and Henrich, Pit and Jickeli, Birgit and W{\"o}rn, Heinz and Hein, Bj{\"o}rn and Wirtz, Rainer and Mathis-Ullrich, Franziska},
  journal={IEEE Transactions on Medical Robotics and Bionics},
  year={2021},
  publisher={IEEE}
}

@article{satale2020nursing,
  title={Nursing Robot},
  author={Satale, Kavita and Bhave, Tanmayi and Chandak, Chirag and Patil, SA},
  year={2020}
}

@article{zhang2020maxillofacial,
  title={Maxillofacial surgical simulation system with haptic feedback},
  author={Zhang, Jing and Qian, Jiahui and Zhang, Han and He, Ling and Li, Bin and Qin, Jing and Dai, Hongning and Tang, Wei and Tian, Weidong},
  journal={Journal of Industrial \& Management Optimization},
  year={2020},
  publisher={American Institute of Mathematical Sciences}
}

@article{caccianiga2020evaluation,
  title={An evaluation of inanimate and virtual reality training for psychomotor skill development in robot-assisted minimally invasive surgery},
  author={Caccianiga, Guido and Mariani, Andrea and De Momi, Elena and Cantarero, Gabriela and Brown, Jeremy D},
  journal={IEEE Transactions on Medical Robotics and Bionics},
  volume={2},
  number={2},
  pages={118--129},
  year={2020},
  publisher={IEEE}
}

@article{su2020asymmetric,
  title={Asymmetric bimanual control of dual-arm serial manipulator for robot-assisted minimally invasive surgeries},
  author={Su, Hang and Schmirander, Yunus and Valderrama-Hincapie, Sarah Elena and Pinedo, Jairo and Zhou, Xuanyi and Li, Jiehao and Zhang, Longbin and Hu, Yingbai and Ferrigno, Giancarlo and De Momi, Elena},
  year={2020}
}

@article{de2021first,
  title={A First Evaluation of a Multi-Modal Learning System to Control Surgical Assistant Robots via Action Segmentation},
  author={De Rossi, Giacomo and Minelli, Marco and Roin, Serena and Falezza, Fabio and Sozzi, Alessio and Ferraguti, Federica and Setti, Francesco and Bonf{\`e}, Marcello and Secchi, Cristian and Muradore, Riccardo},
  journal={IEEE Transactions on Medical Robotics and Bionics},
  year={2021},
  publisher={IEEE}
}

@article{thai2020advanced,
  title={Advanced intelligent systems for surgical robotics},
  author={Thai, Mai Thanh and Phan, Phuoc Thien and Hoang, Trung Thien and Wong, Shing and Lovell, Nigel H and Do, Thanh Nho},
  journal={Advanced Intelligent Systems},
  volume={2},
  number={8},
  pages={1900138},
  year={2020},
  publisher={Wiley Online Library}
}

@article{watson2020permanent,
  title={Permanent magnet-based localization for growing robots in medical applications},
  author={Watson, Connor and Morimoto, Tania K},
  journal={IEEE Robotics and Automation Letters},
  volume={5},
  number={2},
  pages={2666--2673},
  year={2020},
  publisher={IEEE}
}

@article{nawrat2020mis,
  title={MIS AI-artificial intelligence application in minimally invasive surgery},
  author={Nawrat, Zbigniew},
  journal={Mini-invasive Surgery},
  volume={4},
  year={2020}
}

@article{li2020progress,
  title={Progress in nanorobotics for advancing biomedicine},
  author={Li, Mi and Xi, Ning and Wang, Yuechao and Liu, Lianqing},
  journal={IEEE Transactions on Biomedical Engineering},
  volume={68},
  number={1},
  pages={130--147},
  year={2020},
  publisher={IEEE}
}

@article{giesenautomated,
  title={Automated real-time 3D ultrasound mapping of vessels [3D-ULTRAMAN]},
  author={Giesen, Luuk and Bax, Laurie and Riedl, Jurgen}
}

@article{cortesao2020noise,
  title={Noise Effects on Quaternion and Axis-Angle Representations in Robotics},
  author={Cortes{\~a}o, Rui and Santos, Lu{\'\i}s},
  journal={IEEE Robotics and Automation Letters},
  volume={6},
  number={1},
  pages={64--71},
  year={2020},
  publisher={IEEE}
}

@article{yang2020novel,
  title={A novel automated lumen segmentation and classification algorithm for detection of irregular protrusion after stents deployment},
  author={Yang, Su and Yoon, Hyuck-Jun and Yazdi, Seyed Jamaleddin Mostafavi and Lee, Jong-Ha},
  journal={The International Journal of Medical Robotics and Computer Assisted Surgery},
  volume={16},
  number={1},
  pages={e2033},
  year={2020},
  publisher={Wiley Online Library}
}

@inproceedings{hwang2020applying,
  title={Applying depth-sensing to automated surgical manipulation with a Da Vinci Robot},
  author={Hwang, Minho and Seita, Daniel and Thananjeyan, Brijen and Ichnowski, Jeffrey and Paradis, Samuel and Fer, Danyal and Low, Thomas and Goldberg, Ken},
  booktitle={2020 International Symposium on Medical Robotics (ISMR)},
  pages={22--29},
  year={2020},
  organization={IEEE}
}

@inproceedings{sheft2020development,
  title={Development and Error Analysis of a Novel Robotic System for Photodynamic Therapy},
  author={Sheft, Maxina and Kulkarni, Priya and Ge, Jiawei and Saeidi, Hamed and Opfermann, Justin D and Joshi, Arjun and Schnermann, Martin and Krieger, Axel},
  booktitle={2020 International Symposium on Medical Robotics (ISMR)},
  pages={166--172},
  year={2020},
  organization={IEEE}
}

@article{li2020impact,
  title={The impact of robot-assisted spine surgeries on clinical outcomes: A systemic review and meta-analysis},
  author={Li, Junyu and Fang, Yanming and Jin, Zhao and Wang, Yuchen and Yu, Miao},
  journal={The International Journal of Medical Robotics and Computer Assisted Surgery},
  volume={16},
  number={6},
  pages={1--14},
  year={2020},
  publisher={Wiley Online Library}
}

@inproceedings{avinash2020evaluation,
  title={Evaluation of Increasing Camera Baseline on Depth Perception in Surgical Robotics},
  author={Avinash, Apeksha and Abdelaal, Alaa Eldin and Salcudean, Septimiu E},
  booktitle={2020 IEEE International Conference on Robotics and Automation (ICRA)},
  pages={5509--5515},
  year={2020},
  organization={IEEE}
}

@article{rosero2020robotics,
  title={Robotics in surgeryand neurosurgery, applications and challenges, a review},
  author={Rosero, Hermes Fabian Vargas},
  journal={Scientia et Technica},
  volume={25},
  number={3},
  pages={478--490},
  year={2020},
  publisher={Universidad Tecnol{\'o}gica de Pereira}
}

@article{sunmicrorobots,
  title={Microrobots for Precision Medicine},
  author={Sun, Y and Kim, JA and Keshavarz, M and Thompson, A}
}

@inproceedings{avgousti2020robotic,
  title={Robotic systems in current clinical practice},
  author={Avgousti, Sotiris and Christoforou, Eftychios G and Panayides, Andreas S and Masouras, Panicos and Vieyres, Pierre and Pattichis, Constantinos S},
  booktitle={2020 IEEE 20th Mediterranean Electrotechnical Conference (MELECON)},
  pages={269--274},
  year={2020},
  organization={IEEE}
}

@article{zhang2021robotic,
  title={A robotic system for spine surgery positioning and pedicle screw placement},
  author={Zhang, Jian and Li, Weishi and Hu, Lei and Zhao, Yu and Wang, Tianmiao},
  journal={The International Journal of Medical Robotics and Computer Assisted Surgery},
  pages={e2262},
  year={2021},
  publisher={Wiley Online Library}
}

@article{yang2021supernumerary,
  title={Supernumerary Robotic Limbs: A Review and Future Outlook},
  author={Yang, Bo and Huang, Jian and Chen, Xinxing and Xiong, Caihua and Hasegawa, Yasuhisa},
  journal={IEEE Transactions on Medical Robotics and Bionics},
  year={2021},
  publisher={IEEE}
}

@techreport{lacava2020current,
  title={Current research issues on cyber security in robotics},
  author={Lacava, G and Marotta, A and Martinelli, F and Saracino, A and La Marra, A and Gil-Uriarte, E and Vilches, V Mayoral},
  year={2020},
  institution={Technical report}
}

@misc{farokh2020autonomy,
  title={Autonomy and Intelligence in Neurorehabilitation Robotic and Prosthetic Technologies},
  author={Farokh Atashzar, S and Tavakoli, Mahdi and Farina, Dario and Patel, Rajni V},
  year={2020},
  publisher={World Scientific}
}

@article{oetgen2020novel,
  title={A novel surgical navigation technology for placement of implants in slipped capital femoral epiphysis},
  author={Oetgen, Matthew E and Litrenta, Jody and Koutenaei, Bamshad Azizi and Cleary, Kevin R},
  journal={The International Journal of Medical Robotics and Computer Assisted Surgery},
  volume={16},
  number={1},
  pages={e2070},
  year={2020},
  publisher={Wiley Online Library}
}

@article{tolu2020nonconventional,
  title={THE NONCONVENTIONAL SURGICAL SYSTEM DA VINCI},
  author={Tolu, Gheorghe and Ghiculescu, Daniel and Zapciu, Miron},
  journal={Revista de Tehnologii Neconventionale},
  volume={24},
  number={1},
  pages={39--43},
  year={2020},
  publisher={Romanian Association for Nonconventional Technologies (ARTN)}
}

@inproceedings{martinez2020resolution,
  title={Resolution-Enhanced MRI-Guided Navigation of Spinal Cellular Injection Robot},
  author={Martinez, Daniel Enrique and Meinhold, Waiman and Oshinski, John and Hu, Ai-Ping and Ueda, Jun},
  booktitle={2020 International Symposium on Medical Robotics (ISMR)},
  pages={83--88},
  year={2020},
  organization={IEEE}
}

@article{uslu2021utilization,
  title={Utilization of Low Cost Motion Capture Cameras for Virtual Navigation Procedures: Performance Evaluation for Surgical Navigation},
  author={Uslu, Tu{\u{g}}rul and Gezgin, Erkin and {\"O}zbek, Seda and G{\"u}zin, Didem and Can, Fatih Cemal and {\c{C}}etin, Levent},
  journal={Measurement},
  pages={109624},
  year={2021},
  publisher={Elsevier}
}

@article{mehrdad2021review,
  title={Review of advanced medical telerobots},
  author={Mehrdad, Sarmad and Liu, Fei and Pham, Minh Tu and Lelev{\'e}, Arnaud and Atashzar, S Farokh},
  journal={Applied Sciences},
  volume={11},
  number={1},
  pages={209},
  year={2021},
  publisher={Multidisciplinary Digital Publishing Institute}
}

@incollection{liu2020basic,
  title={Basic Principle of Robot-Assisted Orthopedic Surgery},
  author={Liu, Yajun and Jin, Peihao and Liu, Wenyong and Tian, Wei},
  booktitle={Navigation Assisted Robotics in Spine and Trauma Surgery},
  pages={5--10},
  year={2020},
  publisher={Springer}
}

@article{yang2021bone,
  title={Bone Fracture Reduction Surgery-aimed Bone Connection Robotic Hand},
  author={Yang, Jianxing and Xiong, Yan and Chen, Xiaohong and Sun, Yuanxi and Hou, Wensheng and Chen, Rui and Huang, Shandeng and Bai, Long},
  journal={Journal of Bionic Engineering},
  volume={18},
  number={2},
  pages={333--345},
  year={2021},
  publisher={Springer Singapore}
}

@article{zhang2021research,
  title={Research progress and development trend of surgical robot and surgical instrument arm},
  author={Zhang, Wu and Li, Haiyuan and Cui, Linlin and Li, Haiyang and Zhang, Xiangyan and Fang, Shanxiang and Zhang, Qinjian},
  journal={The International Journal of Medical Robotics and Computer Assisted Surgery},
  pages={e2309},
  year={2021},
  publisher={Wiley Online Library}
}

@article{yang2020homecare,
  title={Homecare robotic systems for healthcare 4.0: visions and enabling technologies},
  author={Yang, Geng and Pang, Zhibo and Deen, M Jamal and Dong, Mianxiong and Zhang, Yuan-Ting and Lovell, Nigel and Rahmani, Amir M},
  journal={IEEE journal of biomedical and health informatics},
  volume={24},
  number={9},
  pages={2535--2549},
  year={2020},
  publisher={IEEE}
}

@inproceedings{zhang2020external,
  title={External Force Estimation on a Robotic Surgical Instrument},
  author={Zhang, Zhuangzhuang and Cao, Qixin and Zhu, Xiaoxiao and Yang, Yiqi and Luan, Nan},
  booktitle={2020 5th International Conference on Advanced Robotics and Mechatronics (ICARM)},
  pages={263--268},
  year={2020},
  organization={IEEE}
}

@article{bhandari2020artificial,
  title={Artificial intelligence and robotic surgery: current perspective and future directions},
  author={Bhandari, Mahendra and Zeffiro, Trevor and Reddiboina, Madhu},
  journal={Current opinion in urology},
  volume={30},
  number={1},
  pages={48--54},
  year={2020},
  publisher={LWW}
}

@article{prokhorenko2020surgeon,
  title={Surgeon--robot interface development framework},
  author={Prokhorenko, Leonid and Klimov, Daniil and Mishchenkov, Denis and Poduraev, Yuri},
  journal={Computers in biology and medicine},
  volume={120},
  pages={103717},
  year={2020},
  publisher={Elsevier}
}

@article{song2021present,
  title={The Present and Future of Medical Robots: Focused on Surgical Robots},
  author={Song, Mi Ok and Cho, Yong Jin},
  journal={Journal of Digital Convergence},
  volume={19},
  number={4},
  pages={349--353},
  year={2021},
  publisher={The Society of Digital Policy and Management}
}

@article{kadkhodamohammadi2020towards,
  title={Towards video-based surgical workflow understanding in open orthopaedic surgery},
  author={Kadkhodamohammadi, Abdolrahim and Sivanesan Uthraraj, Nachappa and Giataganas, Petros and Gras, Gauthier and Kerr, Karen and Luengo, Imanol and Oussedik, Sam and Stoyanov, Danail},
  journal={Computer Methods in Biomechanics and Biomedical Engineering: Imaging \& Visualization},
  pages={1--8},
  year={2020},
  publisher={Taylor \& Francis}
}

@article{li2021flexible,
  title={A flexible transoral robot towards covid-19 swab sampling},
  author={Li, Changsheng and Gu, Xiaoyi and Xiao, Xiao and Lim, Chwee Ming and Duan, Xingguang and Ren, Hongliang},
  journal={Frontiers in Robotics and AI},
  volume={8},
  pages={51},
  year={2021},
  publisher={Frontiers}
}

@inproceedings{ohnishi2021method,
  title={A Method for Estimating Doctor's Fatigue Level in Operating a Surgical Robot Using Wearable Sensors},
  author={Ohnishi, Ayumi and Tohnan, Hayate and Terada, Tsutomu and Hattori, Minoru and Yoshinaka, Hisaaki and Sumi, Yusuke and Egi, Hiroyuki and Tsukamoto, Masahiko},
  booktitle={2021 IEEE International Conference on Pervasive Computing and Communications Workshops and other Affiliated Events (PerCom Workshops)},
  pages={38--43},
  year={2021},
  organization={IEEE}
}

@inproceedings{bondarenko2020development,
  title={Development of a 6-axis Robotic Manipulator for Stereotactic Surgery},
  author={Bondarenko, Viktor and Kholyavin, Andrey and Belyaev, Yaroslav and Epifanov, Dmitry and Bzhikhatlov, Islam and Abramchuk, Mikhail and Mokeyev, Maxim},
  booktitle={2020 XI International Conference on Electrical Power Drive Systems (ICEPDS)},
  pages={1--4},
  year={2020},
  organization={IEEE}
}

@incollection{tian2020history,
  title={The history and development of robot-assisted orthopedic surgery},
  author={Tian, Wei and Wei, Yi and Han, Xiaoguang},
  booktitle={Navigation Assisted Robotics in Spine and Trauma Surgery},
  pages={1--3},
  year={2020},
  publisher={Springer}
}

@article{omisore2020review,
  title={A review on flexible robotic systems for minimally invasive surgery},
  author={Omisore, Olatunji Mumini and Han, Shipeng and Xiong, Jing and Li, Hui and Li, Zheng and Wang, Lei},
  journal={IEEE Transactions on Systems, Man, and Cybernetics: Systems},
  year={2020},
  publisher={IEEE}
}

@article{zemmar2020rise,
  title={The rise of robots in surgical environments during COVID-19},
  author={Zemmar, Ajmal and Lozano, Andres M and Nelson, Bradley J},
  journal={Nature Machine Intelligence},
  volume={2},
  number={10},
  pages={566--572},
  year={2020},
  publisher={Nature Publishing Group}
}

@inproceedings{cheng2020real,
  title={A Real-Time Robot-Arm Surgical Guiding System Development by Image-Tracking},
  author={Cheng, Ching-Hwa},
  booktitle={2020 2nd IEEE International Conference on Artificial Intelligence Circuits and Systems (AICAS)},
  pages={133--133},
  year={2020},
  organization={IEEE}
}

@article{roy2021medical,
  title={Medical Applications of Artificial Intelligence},
  author={Roy, Rupanjan},
  year={2021},
  publisher={Preprints}
}

@article{su2021toward,
  title={Toward teaching by demonstration for robot-assisted minimally invasive surgery},
  author={Su, Hang and Mariani, Andrea and Ovur, Salih Ertug and Menciassi, Arianna and Ferrigno, Giancarlo and De Momi, Elena},
  journal={IEEE Transactions on Automation Science and Engineering},
  volume={18},
  number={2},
  pages={484--494},
  year={2021},
  publisher={IEEE}
}

@article{phan2021humanoid,
  title={Humanoid robotics in healthcare: A review},
  author={Phan, Gia Hoang},
  journal={Design Engineering},
  pages={3641--3656},
  year={2021}
}

@incollection{gasteiger2021ai,
  title={AI, robotics, medicine and health sciences},
  author={Gasteiger, Norina and Broadbent, Elizabeth},
  booktitle={The Routledge Social Science Handbook of AI},
  pages={313--338},
  year={2021},
  publisher={Routledge}
}

@incollection{sadiku2020emerging,
  title={Emerging IoT Technologies in Smart Healthcare},
  author={Sadiku, Matthew NO and Gupta, Nishu and Akhare, Yogita P and Musa, Sarhan M},
  booktitle={IoT and ICT for Healthcare Applications},
  pages={3--10},
  year={2020},
  publisher={Springer}
}

@article{khalid2021internet,
  title={Internet of Robotic Things: A Review},
  author={Khalid, Sibar},
  journal={Journal of Applied Science and Technology Trends},
  volume={2},
  number={03},
  pages={78--90},
  year={2021}
}

@article{boubaker2020medical,
  title={Medical robotics},
  author={Boubaker, Olfa},
  journal={Control Theory in Biomedical Engineering},
  pages={153--204},
  year={2020},
  publisher={Elsevier}
}

@inproceedings{cooper2020ari,
  title={ARI: The social assistive robot and companion},
  author={Cooper, Sara and Di Fava, Alessandro and Vivas, Carlos and Marchionni, Luca and Ferro, Francesco},
  booktitle={2020 29th IEEE International Conference on Robot and Human Interactive Communication (RO-MAN)},
  pages={745--751},
  year={2020},
  organization={IEEE}
}

@article{saniotis2021neurosurgical,
  title={Neurosurgical robots and ethical challenges to medicine},
  author={Saniotis, Arthur and Henneberg, Maciej},
  journal={Ethics in Science and Environmental Politics},
  volume={21},
  pages={25--30},
  year={2021}
}

@article{fischer2020integrative,
  title={Integrative social robotics hands-on},
  author={Fischer, Kerstin and Seibt, Johanna and Rodogno, Raffaele and Rasmussen, Maike Kirkeg{\aa}rd and Weiss, Astrid and Bodenhagen, Leon and Juel, William Kristian and Kr{\"u}ger, Norbert},
  journal={Interaction Studies},
  volume={21},
  number={1},
  pages={145--185},
  year={2020},
  publisher={John Benjamins}
}

@article{seidita2021robots,
  title={Robots as intelligent assistants to face COVID-19 pandemic},
  author={Seidita, Valeria and Lanza, Francesco and Pipitone, Arianna and Chella, Antonio},
  journal={Briefings in Bioinformatics},
  volume={22},
  number={2},
  pages={823--831},
  year={2021},
  publisher={Oxford University Press}
}

@article{kubota2021methods,
  title={Methods for robot behavior adaptation for cognitive neurorehabilitation},
  author={Kubota, Alyssa and Riek, Laurel D},
  journal={Annual Review of Control, Robotics, and Autonomous Systems},
  volume={5},
  year={2021}
}

@article{roy2021implementation,
  title={IMPLEMENTATION AND SENTIMENT ANALYSIS OF ARTIFICIAL INTELLIGENCE IN HEALTH CARE INDUSTRY},
  author={Roy, Ritam and others},
  journal={International Journal of Modern Agriculture},
  volume={10},
  number={2},
  pages={211--222},
  year={2021}
}

@incollection{virgos2021internet,
  title={Internet of Medical Things: Current and Future Trends},
  author={Virgos, Lucia Alonso and Vidales, Miguel A Sanchez and Hern{\'a}ndez, Fernando L{\'o}pez and Granados, J Javier Rainer},
  booktitle={Internet of Medical Things},
  pages={19--36},
  year={2021},
  publisher={CRC Press}
}

@article{saini2021machine,
  title={Machine Learning in Healthcare: A Review},
  author={Saini, Akanksha and Meitei, AJ and Singh, Jitenkumar},
  journal={Available at SSRN 3834096},
  year={2021}
}

@article{miura2021using,
  title={Using Operator Gaze Tracking to Design Wrist Mechanism for Surgical Robots},
  author={Miura, Satoshi and Ohta, Ryutaro and Cao, Yang and Kawamura, Kazuya and Kobayashi, Yo and Fujie, Masakatsu G},
  journal={IEEE Transactions on Human-Machine Systems},
  year={2021},
  publisher={IEEE}
}

@article{miyachi2021remote,
  title={Remote surgery using a neuroendovascular intervention support robot equipped with a sensing function: Experimental verification},
  author={Miyachi, Shigeru and Nagano, Yoshitaka and Kawaguchi, Reo and Ohshima, Tomotaka and Tadauchi, Hiroki and others},
  journal={Asian Journal of Neurosurgery},
  volume={16},
  number={2},
  pages={363},
  year={2021},
  publisher={Medknow Publications}
}

@incollection{cheng2020gesture,
  title={A Gesture-Based Interface for Remote Surgery},
  author={Cheng, Irene and Moreau, Richard and Rossol, Nathaniel and Leleve, Arnaud and Lermusiux, Patrick and Millon, Antoine and Basu, Anup},
  booktitle={Connected Health in Smart Cities},
  pages={11--22},
  year={2020},
  publisher={Springer}
}

@article{mei2021remote,
  title={Remote Vascular Interventional Surgery Robotics: A Review},
  author={Mei, Ziyang},
  year={2021},
  publisher={TechRxiv}
}

@article{legeza2020current,
  title={Current utilization and future directions of robotic-assisted endovascular surgery},
  author={Legeza, Peter and Britz, Gavin W and Loh, Thomas and Lumsden, Alan},
  journal={Expert Review of Medical Devices},
  volume={17},
  number={9},
  pages={919--927},
  year={2020},
  publisher={Taylor \& Francis}
}

@article{arian2021review,
  title={A Review of the Application of Robots in Maxillofacial Surgery},
  author={Arian, Y},
  journal={J Oral Health Dent Res},
  volume={1},
  number={1},
  pages={1--4},
  year={2021}
}

@article{desselle2020augmented,
  title={Augmented and virtual reality in surgery},
  author={Desselle, Mathilde R and Brown, Ross A and James, Allan R and Midwinter, Mark J and Powell, Sean K and Woodruff, Maria A},
  journal={Computing in Science \& Engineering},
  volume={22},
  number={3},
  pages={18--26},
  year={2020},
  publisher={IEEE}
}

@article{meshram20205g,
  title={5G Enabled Tactile Internet for Tele-Robotic Surgery},
  author={Meshram, Dewanand A and Patil, Dipti D},
  journal={Procedia Computer Science},
  volume={171},
  pages={2618--2625},
  year={2020},
  publisher={Elsevier}
} 

@incollection{shah2021next,
  title={Next-Generation Surgical Robots},
  author={Shah, Shinil K and Felinski, Melissa M and Wilson, Todd D and Bajwa, Kulvinder S and Wilson, Erik B},
  booktitle={Digital Surgery},
  pages={401--405},
  year={2021},
  publisher={Springer}
}

@article{ara2021ar,
  title={AR-based Modern Healthcare: A Review},
  author={Ara, Jinat and Bhuiyan, Hanif and Bhuiyan, Yeasin Arafat and Bhyan, Salma Begum and Bhuiyan, Muhammad Ismail},
  journal={arXiv preprint arXiv:2101.06364},
  year={2021}
}

@article{troccaz2019frontiers,
  title={Frontiers of medical robotics: from concept to systems to clinical translation},
  author={Troccaz, Jocelyne and Dagnino, Giulio and Yang, Guang-Zhong},
  journal={Annual review of biomedical engineering},
  volume={21},
  pages={193--218},
  year={2019},
  publisher={Annual Reviews}
}

@article{dupont2021decade,
  title={A decade retrospective of medical robotics research from 2010 to 2020},
  author={Dupont, Pierre E and Nelson, Bradley J and Goldfarb, Michael and Hannaford, Blake and Menciassi, Arianna and O’Malley, Marcia K and Simaan, Nabil and Valdastri, Pietro and Yang, Guang-Zhong},
  journal={Science Robotics},
  volume={6},
  number={60},
  pages={eabi8017},
  year={2021},
  publisher={American Association for the Advancement of Science}
}

@article{hu2019probability,
  title={Probability analysis for grasp planning facing the field of medical robotics},
  author={Hu, Jiabing and Sun, Ying and Li, Gongfa and Jiang, Guozhang and Tao, Bo},
  journal={Measurement},
  volume={141},
  pages={227--234},
  year={2019},
  publisher={Elsevier}
}

@article{hsiao2019soft,
  title={Soft medical robotics: clinical and biomedical applications, challenges, and future directions},
  author={Hsiao, Jen-Hsuan and Chang, Jen-Yuan and Cheng, Chao-Min},
  journal={Advanced Robotics},
  volume={33},
  number={21},
  pages={1099--1111},
  year={2019},
  publisher={Taylor \& Francis}
}

@article{bai2019medical,
  title={Medical robotics in bone fracture reduction surgery: a review},
  author={Bai, Long and Yang, Jianxing and Chen, Xiaohong and Sun, Yuanxi and Li, Xingyu},
  journal={Sensors},
  volume={19},
  number={16},
  pages={3593},
  year={2019},
  publisher={Multidisciplinary Digital Publishing Institute}
}

@incollection{taylor2020medical,
  title={Medical robotics and computer-integrated interventional medicine},
  author={Taylor, Russell H and Kazanzides, Peter and Fischer, Gregory S and Simaan, Nabil},
  booktitle={Biomedical Information Technology},
  pages={617--672},
  year={2020},
  publisher={Elsevier}
}

@article{liu2019image,
  title={Image registration in medical robotics and intelligent systems: fundamentals and applications},
  author={Liu, Jun and Singh, Gurpreet and Al'Aref, Subhi and Lee, Benjamin and Oleru, Olachi and Min, James K and Dunham, Simon and Sabuncu, Mert R and Mosadegh, Bobak},
  journal={Advanced Intelligent Systems},
  volume={1},
  number={6},
  pages={1900048},
  year={2019},
  publisher={Wiley Online Library}
}

@inproceedings{buettner2020systematic,
  title={A systematic literature review of research in the surgical field of medical robotics},
  author={Buettner, Ricardo and Renner, Alena and Boos, Anna},
  booktitle={2020 IEEE 44th Annual Computers, Software, and Applications Conference (COMPSAC)},
  pages={517--522},
  year={2020},
  organization={IEEE}
}

@article{mois2020role,
  title={The Role of Healthcare Robotics in Providing Support to Older Adults: a Socio-ecological Perspective},
  author={Mois, George and Beer, Jenay M},
  journal={Current Geriatrics Reports},
  volume={9},
  number={2},
  pages={82--89},
  year={2020},
  publisher={Springer}
}

@article{pichetworakoon2021economic,
  title={Economic and Legal on The Deploying of Medical and Healthcare Robotics: Case Study on a Comparison of the European Union (EU), South Africa, and Thailand},
  author={Pichetworakoon, Arachamon and Kooptarnond, Nitchanand and Ngamchuensuwan, Sutthichai},
  journal={The Journal of Law, Public Administration and Social Science. School of Law Chiang Rai Rajabhat University},
  volume={5},
  number={2},
  pages={21--43},
  year={2021}
}

@article{wehde2019healthcare,
  title={Healthcare 4.0},
  author={Wehde, Mark},
  journal={IEEE Engineering Management Review},
  volume={47},
  number={3},
  pages={24--28},
  year={2019},
  publisher={IEEE}
}

@article{brannan2021inference,
  title={Inference over Knowledge Representations Automatically Generated from Medical Texts with Applications in Healthcare Robotics},
  author={Brannan, Laura},
  year={2021}
}

@inproceedings{alla2019healthcare,
  title={Healthcare Robotics: Key Factors that Impact Robot Adoption in Healthcare},
  author={Alla, Sujatha and Pazos, Pilar},
  booktitle={IIE Annual Conference. Proceedings},
  pages={1121--1126},
  year={2019},
  organization={Institute of Industrial and Systems Engineers (IISE)}
}

@article{johanson2020improving,
  title={Improving Interactions with Healthcare Robots: A Review of Communication Behaviours in Social and Healthcare Contexts},
  author={Johanson, Deborah L and Ahn, Ho Seok and Broadbent, Elizabeth},
  journal={International Journal of Social Robotics},
  pages={1--16},
  year={2020},
  publisher={Springer}
}

@inproceedings{radic2019use,
  title={Use of robotics in the German healthcare sector},
  author={Radic, Marija and Vosen, Agnes and Graf, Birgit},
  booktitle={International Conference on Social Robotics},
  pages={434--442},
  year={2019},
  organization={Springer}
}

@inproceedings{bartosiak2021advanced,
  title={Advanced Robotics as a Support in Healthcare Organizational Response. A COVID-19 Pandemic case},
  author={Bartosiak, Marcin and Bonelli, Gianni and Maffioli, Lorenzo Stefano and Palaoro, Ugo and Dentali, Francesco and Poggialini, Giovanni and Pagliarin, Federica and Denicolai, Stefano and Previtali, Pietro},
  booktitle={Healthcare Management Forum},
  pages={08404704211042467},
  year={2021},
  organization={SAGE Publications Sage CA: Los Angeles, CA}
}

@inproceedings{khan2019robots,
  title={Robots in healthcare: A survey},
  author={Khan, Arshia and Anwar, Yumna},
  booktitle={Science and Information Conference},
  pages={280--292},
  year={2019},
  organization={Springer}
}

@techreport{ikeda2019global,
  title={Global Rulemaking Strategy for Implementing Emerging Innovation: Case of Medical/Healthcare Robot, HAL by Cyberdyne (Japanese)},
  author={Ikeda, Yoko and Iizuka, Michiko},
  year={2019},
  institution={Research Institute of Economy, Trade and Industry (RIETI)}
}

@article{sarker2021robotics,
  title={Robotics and artificial intelligence in healthcare during COVID-19 pandemic: A systematic review},
  author={Sarker, Sujan and Jamal, Lafifa and Ahmed, Syeda Faiza and Irtisam, Niloy},
  journal={Robotics and autonomous systems},
  pages={103902},
  year={2021},
  publisher={Elsevier}
}

@inproceedings{alotaibi2019role,
  title={Role of robots in healthcare management},
  author={Alotaibi, Meshal and Yamin, Mohammad},
  booktitle={2019 6th International Conference on Computing for Sustainable Global Development (INDIACom)},
  pages={1311--1314},
  year={2019},
  organization={IEEE}
}

@inproceedings{aggarwal2019literature,
  title={A literature survey on robotics in healthcare},
  author={Aggarwal, Shivangi and Gupta, Deepa and Saini, Sonia},
  booktitle={2019 4th International Conference on Information Systems and Computer Networks (ISCON)},
  pages={55--58},
  year={2019},
  organization={IEEE}
}

@article{puaschunder2020potential,
  title={The Potential for Artificial Intelligence in Healthcare},
  author={Puaschunder, Julia M},
  journal={Available at SSRN 3525037},
  year={2020}
}

@inproceedings{mohanty2021opportunities,
  title={Opportunities of Adopting AI-Powered Robotics to Tackle COVID-19},
  author={Mohanty, Kajol and Subiksha, S and Kirthika, S and Sujal, BH and Sokkanarayanan, Sumathi and Bose, Panjavarnam and Sathiyanarayanan, Mithileysh},
  booktitle={2021 International Conference on COMmunication Systems \& NETworkS (COMSNETS)},
  pages={703--708},
  year={2021},
  organization={IEEE}
}

@article{fosch2021healthcare,
  title={On healthcare robots},
  author={Fosch Villaronga, Eduard and Drukarch, Hadassah},
  journal={On healthcare robots},
  year={2021},
  publisher={eLaw Center for Law and Digital Technologies/Leiden University}
}

@inproceedings{su2020collaborative,
  title={Collaborative Robotics Toolkit (CRTK): Open Software Framework for Surgical Robotics Research},
  author={Su, Yun-Hsuan and Munawar, Adnan and Deguet, Anton and Lewis, Andrew and Lindgren, Kyle and Li, Yangming and Taylor, Russell H and Fischer, Gregory S and Hannaford, Blake and Kazanzides, Peter},
  booktitle={2020 Fourth IEEE International Conference on Robotic Computing (IRC)},
  pages={48--55},
  year={2020},
  organization={IEEE}
}

@article{javaid2020robotics,
  title={Robotics applications in COVID-19: A review},
  author={Javaid, Mohd and Haleem, Abid and Vaish, Abhishek and Vaishya, Raju and Iyengar, Karthikeyan P},
  journal={Journal of Industrial Integration and Management},
  volume={5},
  number={04},
  pages={441--451},
  year={2020},
  publisher={World Scientific}
}

@incollection{guntur2019robotics,
  title={Robotics in healthcare: an internet of medical robotic things (IoMRT) perspective},
  author={Guntur, Sitaramanjaneya Reddy and Gorrepati, Rajani Reddy and Dirisala, Vijaya R},
  booktitle={Machine learning in bio-signal analysis and diagnostic imaging},
  pages={293--318},
  year={2019},
  publisher={Elsevier}
}

@article{pierce2020medical,
  title={Medical robots and the right to health care: A progressive realisation},
  author={Pierce, Robin and Fosch Villaronga, Eduard},
  year={2020},
  publisher={Pierce, RL \& Fosch-Villarong, E.(forthcoming, 2021). In: Ienca, Stefanini~…}
}

@article{amir2020telemedicine,
  title={Telemedicine: An Essential Requirement for the Health Care Providers, with Emphasis on Legal Aspects},
  author={Amir Hossein, Molkizadeh and Baghban, Rahim and Rahmanian, Somayeh and Bayyenat, Saeed and Kiani, Mohammad Ali},
  journal={International Journal of Pediatrics},
  volume={8},
  number={9},
  pages={12131--12142},
  year={2020},
  publisher={Mashhad University of Medical Sciences}
}

